@book{bowley1997introductory,
  title={Introductory statistical mechanics},
  author={Bowley, Roger and S{\'a}nchez, Mariana and Knox, Robert S},
  year={1997},
  publisher={American Institute of Physics}
}
@book{schroeder2020introduction,
  title={An introduction to thermal physics},
  author={Schroeder, Daniel V},
  year={2020},
  publisher={Oxford University Press}
}
@book{fermi2012thermodynamics,
  title={Thermodynamics},
  author={Fermi, Enrico},
  year={2012},
  publisher={Courier Corporation}
}
@book{chandler1987introduction,
  title={Introduction to modern statistical mechanics},
  author={Chandler, David},
  publisher={Oxford University Press, Oxford, UK},
  volume={5},
  number={449},
  pages={11},
  year={1987}
}
@book{kardar2007statistical,
  title={Statistical physics of particles},
  author={Kardar, Mehran},
  year={2007},
  publisher={Cambridge University Press}
}
@book{pathria2017statistical,
  title={Statistical Mechanics: International Series of Monographs in Natural Philosophy},
  author={Pathria, Raj Kumar},
  volume={45},
  year={2017},
  publisher={Elsevier}
}
@article{hartman2015lectures,
  title={Lectures on quantum gravity and black holes},
  author={Hartman, Thomas},
  journal={Cornell University},
  volume={21},
  year={2015}
}